% Encoding: UTF-8

@Article{willmott2011book,
  author    = {Willmott, Hugh},
  title     = {Book Review: Making sense of the financial meltdown-an extended review of The Spectre at the Feast: Capitalist Crisis and the Politics of Recession: The Spectre at the Feast: Capitalist Crisis and the Politics of Recession, A. Gamble. London: Palgrave Macmillan, 2009. 208 pp.{\pounds} 15.99. ISBN 9780230230750},
  journal   = {Organization},
  year      = {2011},
  volume    = {18},
  number    = {2},
  pages     = {239--260},
  publisher = {SAGE Publications Sage UK: London, England},
}

@misc{branch_pred:2017:Blog,
  author	    = {Krister Walfridsson},
  title		    = {Branch prediction},
  year		    = {2017},
  howpublished      = "\url{https://kristerw.blogspot.de/2017/02/branch-prediction.html}"
}

@misc{branch_pred:wikipedia,
  author	    = {wikipedia},
  title		    = {Sprungvorhersage},
  year		    = {2018},
  howpublished      = "\url{https://de.wikipedia.org/wiki/Sprungvorhersage}"
}

@misc{branch_target_buffer:wikipedia,
  author	    = {wikipedia},
  title		    = {Branch Target Buffer (BTB)},
  year		    = {2018},
  howpublished      = "\url{https://de.wikipedia.org/wiki/Sprungvorhersage#Branch_Target_Buffer_(BTB)}"
}

@misc{two_level_pred:wikipedia,
  author	    = {wikipedia},
  title		    = {Two-level-adaptive-predictor},
  year		    = {2018},
  howpublished      = "\url{https://en.wikipedia.org/wiki/Branch_predictor#Two-level_adaptive_predictor}"
}

@misc{branch_target_predicitor:wikipedia,
  author	    = {wikipedia},
  title		    = {Branch Target Predictor},
  year		    = {2018},
  howpublished      = "\url{https://en.wikipedia.org/wiki/Branch_target_predictor}"
}

@misc{intel_kaby_lake:wikipedia,
  author	    = {wikipedia},
  title		    = {Intel-Kaby-Lake-Mikroarchitektur},
  year		    = {2018},
  howpublished      = "\url{https://de.wikipedia.org/wiki/Intel-Kaby-Lake-Mikroarchitektur}"
}

@misc{spectre_implement:fortinet,
  author	    = {Axelle Apvrille},
  title		    = {Into the Implementation of Spectre},
  year		    = {2018},
  howpublished      = "\url{https://blog.fortinet.com/2018/01/17/into-the-implementation-of-spectre}"
}

@misc{spectre_explained:medium,
  author	    = {Matt Klein},
  title		    = {Meltdown and Spectre, explained},
  year		    = {2018},
  howpublished      = "\url{https://medium.com/@mattklein123/meltdown-spectre-explained-6bc8634cc0c2}"
}

@misc{cpu_immune:level1,
  author	    = {catsay},
  title		    = {CPUâ€™s most likely immune to Spectre},
  year		    = {2018},
  howpublished      = "\url{https://forum.level1techs.com/t/list-of-cpus-most-likely-immune-to-spectre/123128"}}

@misc{out_of_order_exec:wikipedia,
  author	    = {wikipedia},
  title		    = {Out of order execution},
  year		    = {2018},
  howpublished      = "\url{https://en.wikipedia.org/wiki/Out-of-order_execution}
}

@misc{memory_barrier:wikipedia,
  author	    = {wikipedia},
  title		    = {Memory Barrier},
  year		    = {2018},
  howpublished      = "\url{https://en.wikipedia.org/wiki/Memory_barrier}
}

@Comment{jabref-meta: databaseType:bibtex;}
